{
  "ticker": "MSFT",
  "quarterly_results": [
    {
      "date": "2015-12-26",
      "SalesRevenueNet": 75872000000,
      "CostOfGoodsAndServicesSold": 45449000000,
      "GrossProfit": 30423000000,
      "ResearchAndDevelopmentExpense": 2404000000,
      "SellingGeneralAndAdministrativeExpense": 3848000000,
      "OperatingExpenses": 6252000000,
      "OperatingIncomeLoss": 24171000000,
      "NonoperatingIncomeExpense": 402000000,
      "IncomeLossFromContinuingOperationsBeforeIncomeTaxesExtraordinaryItemsNoncontrollingInterest": 24573000000,
      "IncomeTaxExpenseBenefit": 6212000000,
      "NetIncomeLoss": 18361000000,
      "EarningsPerShareBasic": 3.3,
      "complete": true
    },
    {
      "date": "2015-09-26",
      "SalesRevenueNet": 51501000000,
      "GrossProfit": 20548000000,
      "NetIncomeLoss": 11124000000,
      "EarningsPerShareBasic": 1.97,
      "complete": false
    },
    {
      "date": "2015-03-28",
      "SalesRevenueNet": 58010000000,
      "CostOfGoodsAndServicesSold": 34354000000,
      "GrossProfit": 23656000000,
      "ResearchAndDevelopmentExpense": 1918000000,
      "SellingGeneralAndAdministrativeExpense": 3460000000,
      "OperatingIncomeLoss": 18278000000,
      "IncomeLossFromContinuingOperationsBeforeIncomeTaxesExtraordinaryItemsNoncontrollingInterest": 18564000000,
      "NetIncomeLoss": 13569000000,
      "complete": false
    },
    {
      "date": "2014-12-27",
      "SalesRevenueNet": 74599000000,
      "CostOfGoodsAndServicesSold": 44858000000,
      "GrossProfit": 29741000000,
      "ResearchAndDevelopmentExpense": 1895000000,
      "SellingGeneralAndAdministrativeExpense": 3600000000,
      "OperatingIncomeLoss": 24246000000,
      "IncomeLossFromContinuingOperationsBeforeIncomeTaxesExtraordinaryItemsNoncontrollingInterest": 24416000000,
      "NetIncomeLoss": 18024000000,
      "complete": false
    },
    {
      "date": "2014-09-27",
      "SalesRevenueNet": 42123000000,
      "GrossProfit": 16009000000,
      "NetIncomeLoss": 8467000000,
      "complete": false
    },
    {
      "date": "2014-06-28",
      "SalesRevenueNet": 37432000000,
      "CostOfGoodsAndServicesSold": 22697000000,
      "GrossProfit": 14735000000,
      "ResearchAndDevelopmentExpense": 1603000000,
      "SellingGeneralAndAdministrativeExpense": 2850000000,
      "OperatingIncomeLoss": 10282000000,
      "IncomeLossFromContinuingOperationsBeforeIncomeTaxesExtraordinaryItemsNoncontrollingInterest": 10484000000,
      "NetIncomeLoss": 7748000000,
      "complete": false
    },
    {
      "date": "2014-03-29",
      "SalesRevenueNet": 45646000000,
      "CostOfGoodsAndServicesSold": 27699000000,
      "GrossProfit": 17947000000,
      "ResearchAndDevelopmentExpense": 1422000000,
      "SellingGeneralAndAdministrativeExpense": 2932000000,
      "OperatingIncomeLoss": 13593000000,
      "IncomeLossFromContinuingOperationsBeforeIncomeTaxesExtraordinaryItemsNoncontrollingInterest": 13818000000,
      "NetIncomeLoss": 10223000000,
      "complete": false
    },
    {
      "date": "2013-12-28",
      "SalesRevenueNet": 57594000000,
      "CostOfGoodsAndServicesSold": 35748000000,
      "GrossProfit": 21846000000,
      "ResearchAndDevelopmentExpense": 1330000000,
      "SellingGeneralAndAdministrativeExpense": 3053000000,
      "OperatingExpenses": 4383000000,
      "OperatingIncomeLoss": 17463000000,
      "NonoperatingIncomeExpense": 246000000,
      "IncomeLossFromContinuingOperationsBeforeIncomeTaxesExtraordinaryItemsNoncontrollingInterest": 17709000000,
      "IncomeTaxExpenseBenefit": 4637000000,
      "NetIncomeLoss": 13072000000,
      "EarningsPerShareBasic": 14.59,
      "complete": true
    },
    {
      "date": "2013-09-28",
      "SalesRevenueNet": 37472000000,
      "GrossProfit": 13871000000,
      "SellingGeneralAndAdministrativeExpense": 2673000000,
      "NetIncomeLoss": 7512000000,
      "EarningsPerShareBasic": 8.31,
      "complete": false
    },
    {
      "date": "2013-06-29",
      "SalesRevenueNet": 35323000000,
      "CostOfGoodsAndServicesSold": 22299000000,
      "GrossProfit": 13024000000,
      "ResearchAndDevelopmentExpense": 1178000000,
      "SellingGeneralAndAdministrativeExpense": 2645000000,
      "OperatingExpenses": 3823000000,
      "OperatingIncomeLoss": 9201000000,
      "NonoperatingIncomeExpense": 234000000,
      "IncomeLossFromContinuingOperationsBeforeIncomeTaxesExtraordinaryItemsNoncontrollingInterest": 9435000000,
      "IncomeTaxExpenseBenefit": 2535000000,
      "NetIncomeLoss": 6900000000,
      "EarningsPerShareBasic": 7.51,
      "complete": true
    },
    {
      "date": "2013-03-30",
      "SalesRevenueNet": 43603000000,
      "CostOfGoodsAndServicesSold": 27254000000,
      "GrossProfit": 16349000000,
      "ResearchAndDevelopmentExpense": 1119000000,
      "SellingGeneralAndAdministrativeExpense": 2672000000,
      "OperatingExpenses": 3791000000,
      "OperatingIncomeLoss": 12558000000,
      "NonoperatingIncomeExpense": 347000000,
      "IncomeTaxExpenseBenefit": 3358000000,
      "NetIncomeLoss": 9547000000,
      "EarningsPerShareBasic": 10.16,
      "complete": false
    },
    {
      "date": "2012-12-29",
      "SalesRevenueNet": 54512000000,
      "CostOfGoodsAndServicesSold": 33452000000,
      "GrossProfit": 21060000000,
      "ResearchAndDevelopmentExpense": 1010000000,
      "SellingGeneralAndAdministrativeExpense": 2840000000,
      "OperatingExpenses": 3850000000,
      "OperatingIncomeLoss": 17210000000,
      "NonoperatingIncomeExpense": 462000000,
      "IncomeTaxExpenseBenefit": 4594000000,
      "NetIncomeLoss": 13078000000,
      "EarningsPerShareBasic": 13.93,
      "complete": false
    },
    {
      "date": "2012-09-29",
      "SalesRevenueNet": 35966000000,
      "GrossProfit": 14401000000,
      "SellingGeneralAndAdministrativeExpense": 2551000000,
      "NetIncomeLoss": 8223000000,
      "EarningsPerShareBasic": 8.76,
      "complete": false
    },
    {
      "date": "2012-06-30",
      "SalesRevenueNet": 35023000000,
      "CostOfGoodsAndServicesSold": 20029000000,
      "GrossProfit": 14994000000,
      "ResearchAndDevelopmentExpense": 876000000,
      "SellingGeneralAndAdministrativeExpense": 2545000000,
      "OperatingExpenses": 3421000000,
      "OperatingIncomeLoss": 11573000000,
      "NonoperatingIncomeExpense": 288000000,
      "IncomeTaxExpenseBenefit": 3037000000,
      "NetIncomeLoss": 8824000000,
      "EarningsPerShareBasic": 9.42,
      "complete": false
    },
    {
      "date": "2012-03-31",
      "SalesRevenueNet": 39186000000,
      "CostOfGoodsAndServicesSold": 20622000000,
      "GrossProfit": 18564000000,
      "ResearchAndDevelopmentExpense": 841000000,
      "SellingGeneralAndAdministrativeExpense": 2339000000,
      "OperatingExpenses": 3180000000,
      "OperatingIncomeLoss": 15384000000,
      "NonoperatingIncomeExpense": 148000000,
      "IncomeTaxExpenseBenefit": 3910000000,
      "NetIncomeLoss": 11622000000,
      "EarningsPerShareBasic": 12.45,
      "complete": false
    },
    {
      "date": "2011-12-31",
      "SalesRevenueNet": 46333000000,
      "CostOfGoodsAndServicesSold": 25630000000,
      "GrossProfit": 20703000000,
      "ResearchAndDevelopmentExpense": 758000000,
      "SellingGeneralAndAdministrativeExpense": 2605000000,
      "OperatingExpenses": 3363000000,
      "OperatingIncomeLoss": 17340000000,
      "NonoperatingIncomeExpense": 137000000,
      "IncomeTaxExpenseBenefit": 4413000000,
      "NetIncomeLoss": 13064000000,
      "EarningsPerShareBasic": 14.03,
      "complete": false
    },
    {
      "date": "2011-09-24",
      "SalesRevenueNet": 28270000000,
      "GrossProfit": 11380000000,
      "SellingGeneralAndAdministrativeExpense": 2025000000,
      "NetIncomeLoss": 6623000000,
      "EarningsPerShareBasic": 7.13,
      "complete": false
    },
    {
      "date": "2011-06-25",
      "SalesRevenueNet": 28571000000,
      "CostOfGoodsAndServicesSold": 16649000000,
      "GrossProfit": 11922000000,
      "ResearchAndDevelopmentExpense": 628000000,
      "SellingGeneralAndAdministrativeExpense": 1915000000,
      "OperatingExpenses": 2543000000,
      "OperatingIncomeLoss": 9379000000,
      "NonoperatingIncomeExpense": 172000000,
      "IncomeTaxExpenseBenefit": 2243000000,
      "NetIncomeLoss": 7308000000,
      "EarningsPerShareBasic": 7.89,
      "complete": false
    },
    {
      "date": "2011-03-26",
      "SalesRevenueNet": 24667000000,
      "CostOfGoodsAndServicesSold": 14449000000,
      "GrossProfit": 10218000000,
      "ResearchAndDevelopmentExpense": 581000000,
      "SellingGeneralAndAdministrativeExpense": 1763000000,
      "OperatingExpenses": 2344000000,
      "OperatingIncomeLoss": 7874000000,
      "NonoperatingIncomeExpense": 26000000,
      "IncomeTaxExpenseBenefit": 1913000000,
      "NetIncomeLoss": 5987000000,
      "EarningsPerShareBasic": 6.49,
      "complete": false
    },
    {
      "date": "2010-12-25",
      "SalesRevenueNet": 26741000000,
      "CostOfGoodsAndServicesSold": 16443000000,
      "GrossProfit": 10298000000,
      "ResearchAndDevelopmentExpense": 575000000,
      "SellingGeneralAndAdministrativeExpense": 1896000000,
      "OperatingExpenses": 2471000000,
      "OperatingIncomeLoss": 7827000000,
      "NonoperatingIncomeExpense": 136000000,
      "IncomeTaxExpenseBenefit": 1959000000,
      "NetIncomeLoss": 6004000000,
      "EarningsPerShareBasic": 6.53,
      "complete": false
    },
    {
      "date": "2010-09-25",
      "SalesRevenueNet": 20343000000,
      "GrossProfit": 7512000000,
      "SellingGeneralAndAdministrativeExpense": 1571000000,
      "NetIncomeLoss": 4308000000,
      "EarningsPerShareBasic": 4.71,
      "complete": false
    },
    {
      "date": "2010-06-26",
      "SalesRevenueNet": 15700000000,
      "CostOfGoodsAndServicesSold": 9564000000,
      "GrossProfit": 6136000000,
      "ResearchAndDevelopmentExpense": 464000000,
      "SellingGeneralAndAdministrativeExpense": 1438000000,
      "OperatingExpenses": 1902000000,
      "OperatingIncomeLoss": 4234000000,
      "NonoperatingIncomeExpense": 58000000,
      "IncomeTaxExpenseBenefit": 1039000000,
      "NetIncomeLoss": 3253000000,
      "EarningsPerShareBasic": 3.57,
      "complete": false
    },
    {
      "date": "2010-03-27",
      "SalesRevenueNet": 13499000000,
      "CostOfGoodsAndServicesSold": 7874000000,
      "GrossProfit": 5625000000,
      "ResearchAndDevelopmentExpense": 426000000,
      "SellingGeneralAndAdministrativeExpense": 1220000000,
      "OperatingExpenses": 1646000000,
      "OperatingIncomeLoss": 3979000000,
      "NonoperatingIncomeExpense": 50000000,
      "IncomeTaxExpenseBenefit": 955000000,
      "NetIncomeLoss": 3074000000,
      "EarningsPerShareBasic": 3.39,
      "complete": false
    },
    {
      "date": "2009-12-26",
      "SalesRevenueNet": 15683000000,
      "CostOfGoodsAndServicesSold": 9272000000,
      "GrossProfit": 6411000000,
      "ResearchAndDevelopmentExpense": 398000000,
      "SellingGeneralAndAdministrativeExpense": 1288000000,
      "OperatingExpenses": 1686000000,
      "OperatingIncomeLoss": 4725000000,
      "NonoperatingIncomeExpense": 33000000,
      "IncomeTaxExpenseBenefit": 1380000000,
      "NetIncomeLoss": 3378000000,
      "EarningsPerShareBasic": 3.74,
      "complete": false
    },
    {
      "date": "2009-06-27",
      "SalesRevenueNet": 8337000000,
      "CostOfGoodsAndServicesSold": 5314000000,
      "GrossProfit": 3023000000,
      "ResearchAndDevelopmentExpense": 341000000,
      "SellingGeneralAndAdministrativeExpense": 1010000000,
      "OperatingExpenses": 1351000000,
      "OperatingIncomeLoss": 1672000000,
      "NonoperatingIncomeExpense": 60000000,
      "IncomeTaxExpenseBenefit": 503000000,
      "NetIncomeLoss": 1229000000,
      "EarningsPerShareBasic": 1.38,
      "complete": false
    }
  ]
}
